<?xml version="1.0" encoding="UTF-8"?><collection xmlns="http://www.loc.gov/MARC21/slim"><record><leader>00386nam--2200121-i-4500</leader><controlfield tag="001">000035251</controlfield><controlfield tag="002">20161230</controlfield><controlfield tag="005">20161230201040</controlfield><controlfield tag="008">060222s1000------------r-----000-0-eng-d</controlfield><datafield ind1=" " ind2=" " tag="100"><subfield code="a">Pauling, Linus</subfield></datafield><datafield ind1=" " ind2=" " tag="245"><subfield code="a">Chimie generale. introduction a la chimie descriptive et a la chimie theorique moderne. traduit par r.paris. 2-e edition</subfield></datafield><datafield ind1=" " ind2=" " tag="260"><subfield code="a">Paris, Dunod, 1956, Xxi + 725p</subfield></datafield><datafield ind1=" " ind2=" " tag="852"><subfield code="a">12624</subfield></datafield></record></collection>